@inproceedings{Silva2018graph,
	title={Graph Databases in Molecular Biology},
	author={Silva, Waldeyr M. C. da and Wercelens, Polyane and Walter, Maria Em{\'\i}lia M. T. and Holanda, Maristela and Br{\'\i}gido, Marcelo},
	booktitle={Brazilian Symposium on Bioinformatics},
	pages={50--57},
	year={2018},
	organization={Springer}
}

@misc{Wortmeyer2005,
  title={Automa{\c{c}}{\~a}o Residencial: Busca de Tecnologias visando o Conforto, a Economia, a Praticidade e a Seguran{\c{c}}a do Usu{\'a}rio.},
  author={Wortmeyer, Charles and Freitas, Fernando and Cardoso, L{\'\i}uam},
  journal={II Simp{\'o}sio de Excel{\^e}ncia em Gest{\~a}o e Tecnologia SEGeT2005},
  year={2005},
  publisher={sn}
}

@article{Silva2016,
  title={UTILIZA{\c{C}}{\~A}O DA COMPUTA{\c{C}}{\~A}O EMBARCADA EM UM SHOPPING DE SALVADOR},
  author={Silva, Elisama Santos and dos Santos, Vitor Everton Lima and Gomes, Fabio Fonseca Barbosa and Costa, Diego Passos},
  journal={Revista Computa{\c{c}}{\~a}o Aplicada-UNG-Ser},
  volume={5},
  number={1},
  pages={26--37},
  year={2019}
}

@article{Narciso2008,
  title={Aplica{\c{c}}{\~a}o da tecnologia de identifica{\c{c}}{\~a}o por radiofreq{\"u}{\^e}ncia (RFID) para controle de bens patrimoniais pela web.},
  author={Narciso, Marcelo Gon{\c{c}}alves},
  journal={Embrapa Inform{\'a}tica Agropecu{\'a}ria-Artigo em peri{\'o}dico indexado (ALICE)},
  year={2008},
  publisher={Global Science and Technology, v. 1, n. 7, p. 50-59, dez./mar. 2008.}
}

@article{Evan2011,
  title={A Internet das Coisas: como a pr{\'o}xima evolu{\c{c}}{\~a}o da Internet est{\'a} mudando tudo},
  author={Evans, Dave},
  journal={CISCO IBSG},
  year={2011}
}

@article{Mancini2017,
  title={Internet das Coisas: Hist{\'o}ria, conceitos, aplica{\c{c}}{\~o}es e desafios},
  author={MANCINI, M{\^o}nica},
  journal={Dispon{\i}vel em: https://pmisp. org. br/documents/acervo-arquivos/241-internet-das-coisashistoria-conceitos-aplicacoes-e-desafios/file. Acesso em},
  volume={27},
  number={04},
  pages={2018},
  year={2017}
}

@article{Sundmaeker2010,
  title={Vision and challenges for realising the Internet of Things},
  author={Sundmaeker, Harald and Guillemin, Patrick and Friess, Peter and Woelffl{\'e}, Sylvie},
  journal={Cluster of European Research Projects on the Internet of Things, European Commision},
  volume={3},
  number={3},
  pages={34--36},
  year={2010}
}

@article{souza2011placa,
  title={A placa Arduino: uma op{\c{c}}{\~a}o de baixo custo para experi{\^e}ncias de f{\'\i}sica assistidas pelo PC},
  author={Souza, Anderson R de and Paix{\~a}o, Alexsander C and Uz{\^e}da, Diego D and Dias, Marco A and Duarte, Sergio and Amorim, Helio S de},
  journal={Revista Brasileira de Ensino de F{\'\i}sica},
  volume={33},
  number={1},
  pages={01--05},
  year={2011},
  publisher={SciELO Brasil}
}

@book{monk2013programaccao,
  title={Programa{\c{c}}{\~a}o com Arduino: come{\c{c}}ando com Sketches},
  author={Monk, Simon},
  year={2013},
  publisher={Bookman Editora}
}

@book{metodolai,
  author    = {Antônio Joaquim Severino}, 
  title     = {Metodologia do Trabalho Científico},
  publisher = {Cortez Editora},
  year      = {2007},
  address = {São Paulo, SP}
}

@book{kurose2014redesdecomputadores,
  title={Redes de computadores e a internet: uma abordagem top-down},
  author={Kurose, Jim and Ross, Keith},
  year={2013},
  publisher={Pearson Universidades},
  address = {São Paulo, SP}
}

@misc{tanenbaum2008sistemas,
  title={Sistemas Distribuídos. Princípios e Paradigmas. Segunda edição},
  author={Andrew S Tanenbaum and Maarten Van Steen},
  year={2008},
  publisher={Pearson}
}